<record><leader>00000cas a22000007a 4500</leader><controlfield tag="001">23377425</controlfield><controlfield tag="008">910405d189919uukyuuu ne      0    0eng d</controlfield><datafield ind1=" " ind2=" " tag="010"><subfield code="a">sn 91069555 </subfield></datafield><datafield ind1=" " ind2=" " tag="040"><subfield code="a">ONP</subfield><subfield code="b">eng</subfield><subfield code="c">ONP</subfield><subfield code="d">OCLCQ</subfield></datafield><datafield ind1=" " ind2=" " tag="042"><subfield code="a">msc</subfield></datafield><datafield ind1="0" ind2=" " tag="130"><subfield code="a">Battle ax (Covington, Ky.)</subfield></datafield><datafield ind1="1" ind2="4" tag="245"><subfield code="a">The Battle ax.</subfield></datafield><datafield ind1=" " ind2=" " tag="260"><subfield code="a">Covington, Ky. :</subfield><subfield code="b">Battle Ax Pub. Co.,</subfield><subfield code="c">1899-</subfield></datafield><datafield ind1=" " ind2=" " tag="300"><subfield code="a">v.</subfield></datafield><datafield ind1="0" ind2=" " tag="362"><subfield code="a">Vol. 1, no. 1 (Oct. 9, 1899)-</subfield></datafield><datafield ind1=" " ind2=" " tag="752"><subfield code="a">United States</subfield><subfield code="b">Kentucky</subfield><subfield code="c">Kenton</subfield><subfield code="d">Covington.</subfield></datafield></record>